
@inproceedings{Kushmerick1997WrapperIF,
	Author = {Nicholas Kushmerick and Daniel S. Weld and Robert B. Doorenbos},
	Booktitle = {IJCAI},
	Title = {Wrapper Induction for Information Extraction},
	Year = {1997}}


@article{abedjan2016detecting,
	Author = {Abedjan, Ziawasch and Chu, Xu and Deng, Dong and Fernandez, Raul Castro and Ilyas, Ihab F and Ouzzani, Mourad and Papotti, Paolo and Stonebraker, Michael and Tang, Nan},
	Journal = {Proceedings of the VLDB Endowment},
	Number = {12},
	Pages = {993--1004},
	Title = {Detecting Data Errors: Where are we and what needs to be done?},
	Volume = {9},
	Year = {2016}}


@article{ilyas2015,
	Author = {Ihab F. Ilyas and Xu Chu},
	Journal = {Foundations and Trends{\textregistered} in Databases},
	Number = {4},
	Pages = {281-393},
	Title = {Trends in Cleaning Relational Data: Consistency and Deduplication},
	Volume = {5},
	Year = {2015}}
	
	
@inproceedings{pinto03table,
	Author = {David Pinto and Andrew McCallum and Xing Wei and W. Bruce Croft},
	Booktitle = {ACM SIGIR Conference on Research and Development in Information Retrieval},
	Title = {Table Extraction Using Conditional Random Fields},
	Year = {2003}}


@InProceedings{guyon_review_2016,
  title = 	 {A brief Review of the ChaLearn AutoML Challenge: Any-time Any-dataset Learning without Human Intervention},
  author = 	 {Isabelle Guyon and Imad Chaabane and Hugo Jair Escalante and Sergio Escalera and Damir Jajetic and James Robert Lloyd and N\'{u}ria Maci\`{a} and Bisakha Ray and Lukasz Romaszko and Mich\`{e}le Sebag and Alexander Statnikov and S\'{e}bastien Treguer and Evelyne Viegas},
  booktitle = 	 {Proceedings of the Workshop on Automatic Machine Learning},
  pages = 	 {21--30},
  year = 	 {2016},
  editor = 	 {Frank Hutter and Lars Kotthoff and Joaquin Vanschoren},
  volume = 	 {64},
  series = 	 {Proceedings of Machine Learning Research},
  address = 	 {New York, New York, USA},
  month = 	 {24 Jun},
  publisher = 	 {PMLR},
}


@inproceedings{Ribeiro2016lime,
	Author = {Ribeiro, Marco Tulio and Singh, Sameer and Guestrin, Carlos},
	Booktitle = {ACM SIGKDD International Conference on Knowledge Discovery and Data Mining},
	Pages = {1135--1144},
	Title = {"Why Should I Trust You?": Explaining the Predictions of Any Classifier},
	Year = {2016}}
	 
 @unpublished{darksight,
 Author = {Kai Xu and Dae Hoon Park and Yi Chang and Charles Sutton},
 Title = { Interpreting Deep Classifiers by Visual Distillation of Dark Knowledge},
 Year = {2018}}

@unpublished{datadiff,
 Author = {Charles Sutton and Tim Hobson and James Geddes and Rich Caruana},
 Title = { Data Diff: Interpretable, Executable Summaries of Changes in Distributions for Data Wrangling},
 Year = {2018}}


@inproceedings{lipton:mythos,
	Author = {Zachary C. Lipton},
	Booktitle = {ICML Workshop on Human Interpretability in Machine Learning (WHI)},
	Title = {The Mythos of Model Interpretability},
	Year = {2016}}



@techreport{doshi-velez17,
	Author = {Finale Doshi-Velez and Been Kim},
	Number = {arXiv:1702.08608},
	Title = {Towards A Rigorous Science of Interpretable Machine Learning},
	Year = {2017}}
	
@inproceedings{ren2016squares,
	Author = {Ren, Donghao and Amershi, Saleema and Lee, Bongshin and Suh, Jina and Williams, Jason},
	Booktitle = {Conference on Visual Analytics Science and Technology (VAST)},
	Month = {August},
	Publisher = {IEEE},
	Title = {Squares: Supporting Interactive Performance Analysis for Multiclass Classifiers},
	Year = {2016}}

@inproceedings{koh2017understanding,
  author = {P. W. Koh and P. Liang},
  booktitle = {International Conference on Machine Learning (ICML)},
  title = {Understanding Black-box Predictions via Influence Functions},
  year = {2017},
}




