@other{datadiff,
 Author = {Charles Sutton and Tim Hobson and James Geddes and Rich Caruana},
 Title = { Data Diff: Interpretable, Executable Summaries of Changes in Distributions for Data Wrangling},
 Year = {2018},
 howpublished = {Proceedings of KDD}
}
@inproceedings{providers,
  title={Themes in information-rich functional programming for internet-scale data sources},
  author={Syme, Don and Battocchi, Keith and Takeda, Kenji and Malayeri, Donna and Petricek, Tomas},
  booktitle={Proceedings of DDFP},
  pages={1--4},
  year={2013},
  organization={ACM}
}
@inproceedings{thegamma,
  title={Data exploration through dot-driven development},
  author={Petricek, Tomas},
  booktitle={Proceedings of ECOOP},
  volume={74},
  year={2017},
  organization={Schloss Dagstuhl}
}
@inproceedings{dataflow,
  title={Dataflow Notebooks: Encoding and Tracking Dependencies of Cells},
  author={Koop, David and Patel, Jay},
  booktitle={9th $\{$USENIX$\}$ Workshop on the Theory and Practice of Provenance (TaPP 2017)},
  year={2017},
  organization={USENIX Association}
}
@inproceedings{noworkflow,
  title={Collecting and analyzing provenance on interactive notebooks: when IPython meets noWorkflow},
  author={Pimentel, Jo{\~a}o Felipe Nicolaci and Braganholo, Vanessa and Murta, Leonardo and Freire, Juliana},
  booktitle={Workshop on the Theory and Practice of Provenance (TaPP)},
  pages={155--167},
  year={2015}
}
@inproceedings{jupyter,
  title={Jupyter Notebooks-a format for reproducible computational workflows.},
  author={Kluyver, Thomas and Ragan-Kelley, Benjamin and P{\'e}rez, Fernando and Granger, Brian E and Bussonnier, Matthias and Frederic, Jonathan and Kelley, Kyle and Hamrick, Jessica B and Grout, Jason and Corlay, Sylvain and others},
  booktitle={ELPUB},
  pages={87--90},
  year={2016}
}
@inproceedings{kepler,
  title={Kepler: an extensible system for design and execution of scientific workflows},
  author={Altintas, Ilkay and Berkley, Chad and Jaeger, Efrat and Jones, Matthew and Ludascher, Bertram and Mock, Steve},
  booktitle={Scientific and Statistical Database Management},
  pages={423--424},
  year={2004},
  organization={IEEE}
}
@article{taverna,
  title={Taverna: a tool for the composition and enactment of bioinformatics workflows},
  author={Oinn, Tom and Addis, Matthew and Ferris, Justin and Marvin, Darren and Senger, Martin and Greenwood, Mark and Carver, Tim and Glover, Kevin and Pocock, Matthew R and Wipat, Anil and others},
  journal={Bioinformatics},
  volume={20},
  number={17},
  pages={3045--3054},
  year={2004},
  publisher={Oxford University Press}
}
@book{literate,
  title={Literate programming},
  author={Knuth, Donald Ervin},
  year={1992},
  publisher={Center for the Study of Language and Information Stanford}
}
@article{rmarkdown,
  title={rmarkdown: Dynamic Documents for R},
  author={Allaire, J and Cheng, Joe and Xie, Yihui and McPherson, Jonathan and Chang, Winston and Allen, Jeff and Wickham, Hadley and Atkins, Aron and Hyndman, Rob and Arslan, R},
  journal={R package version},
  volume={1},
  pages={9010},
  year={2016}
}
@inproceedings{ipython,
  title={The Jupyter/IPython architecture: a unified view of computational research, from interactive exploration to communication and publication.},
  author={Ragan-Kelley, M and Perez, F and Granger, B and Kluyver, T and Ivanov, P and Frederic, J and Bussonnier, M},
  booktitle={AGU Fall Meeting Abstracts},
  year={2014}
}
@article{roslyn,
  title={The Roslyn Project, Exposing the C\# and VB compiler's code analysis},
  author={Ng, Karen and Warren, Matt and Golde, Peter and Hejlsberg, Anders},
  journal={White paper, Microsoft},
  year={2011}
}
@inproceedings{live,
  title={Living it up with a live programming language},
  author={McDirmid, Sean},
  booktitle={ACM SIGPLAN Notices},
  volume={42},
  number={10},
  pages={623--638},
  year={2007},
  organization={ACM}
}
@article{subtext,
  title={Subtext: uncovering the simplicity of programming},
  author={Edwards, Jonathan},
  journal={ACM SIGPLAN Notices},
  volume={40},
  number={10},
  pages={505--518},
  year={2005},
  publisher={ACM}
}
@incollection{partial,
  title={Type-directed partial evaluation},
  author={Danvy, Olivier},
  booktitle={Partial Evaluation},
  pages={367--411},
  year={1999},
  publisher={Springer}
}
@article{incremental,
  title={Incremental compilation in Magpie},
  author={Schwartz, Mayer D and Delisle, Norman M and Begwani, V S},
  journal={SIGPLAN Not.},
  volume={19},
  number={6},
  pages={122--131},
  year={1984},
  publisher={ACM}
}
@other{ofcom,
  title={Open data},
  author={Ofcom},
  howpublished={Available online at \url{https://www.ofcom.org.uk/research-and-data/data/opendata}},
  year={2018}
}
@inproceedings{vizer,
 author = {Freire, Juliana and Glavic, Boris and Kennedy, Oliver and Mueller, Heiko},
 title = {The Exception That Improves the Rule},
 booktitle = {Proceedings of the Workshop on Human-In-the-Loop Data Analytics},
 series = {HILDA '16},
 year = {2016},
 pages = {7:1--7:6},
 numpages = {6},
 publisher = {ACM},
} 
@other{livegamma,
  title={Design and implementation of a live coding environment for data science},
  author={Petricek, Tomas},
  year={2018},
  howpublished={Unpublished draft. Available online at \url{http://tomasp.net/academic/drafts/live}}
}
